@misc{giselsson2017public,
  title         = {A Public Image Database for Benchmark of Plant Seedling Classification Algorithms},
  author        = {Thomas Mosgaard Giselsson and Rasmus Nyholm Jørgensen and Peter Kryger Jensen and Mads Dyrmann and Henrik Skov Midtiby},
  year          = {2017},
  eprint        = {1711.05458},
  archivePrefix = {arXiv},
  primaryClass  = {cs.CV},
}

@article{opencv2000python,
  title     = {The OpenCV Library},
  author    = {Bradski, G.},
  journal   = {Dr. Dobb's Journal of Software Tools},
  keywords  = {bibtex-import},
  year      = {2000},
}

@book{oliphant2006guide, 
  title     = {A guide to NumPy}, 
  author    = {Oliphant, Travis E}, 
  year      = {2006}, 
  publisher = {Trelgol Publishing USA}, 
}

@book{friel2000imanalysis, 
  title     = {Practical Guide to Image Analysis}, 
  author    = {John J. Friel}, 
  year      = {2000}, 
  publisher = {ASM International},
}

@article{cv1985contours,
  author    = {Satoshi Suzuki and
               Keiichi Abe},
  title     = {Topological structural analysis of digitized binary images by border
               following},
  journal   = {Computer Vision, Graphics, and Image Processing},
  year      = {1985},
  url       = {https://doi.org/10.1016/0734-189X(85)90016-7},
  doi       = {10.1016/0734-189X(85)90016-7},
  biburl    = {https://dblp.org/rec/bib/journals/cvgip/SuzukiA85},
  bibsource = {dblp computer science bibliography, https://dblp.org},
}

@article{scikit2011python,
 author     = {Pedregosa, Fabian and Varoquaux, Ga\"{e}l and Gramfort, Alexandre and Michel, Vincent and Thirion, Bertrand and Grisel, Olivier and Blondel, Mathieu and Prettenhofer, Peter and Weiss, Ron and Dubourg, Vincent and Vanderplas, Jake and Passos, Alexandre and Cournapeau, David and Brucher, Matthieu and Perrot, Matthieu and Duchesnay, \'{E}douard},
 title      = {Scikit-learn: Machine Learning in Python},
 journal    = {J. Mach. Learn. Res.},
 year       = {2011},
 publisher  = {JMLR.org},
} 

@article{svmguide2003article,
  author    = {Hsu, Chih-wei and Chang, Chih-chung and Lin, Chih-Jen},
  year      = {2003},
  title     = {A Practical Guide to Support Vector Classification},
}

@article{feature2018select,
  author    = {Shi, Lei and Wan, Youchuan and Gao, Xianjun and Wang, Mingwei},
  year      = {2018},
  title     = {Feature Selection for Object-Based Classification of High-Resolution Remote Sensing Images Based on the Combination of a Genetic Algorithm and Tabu Search},
  journal   = {Computational Intelligence and Neuroscience},
  doi       = {10.1155/2018/6595792},
}

@article{hal2008features,
  title       = {A Survey of Shape Feature Extraction Techniques},
  author      = {Yang, Mingqiang and Kpalma, Kidiyo and Ronsin, Joseph},
  year        = {2008},
  HAL_ID      = {hal-00446037},
  HAL_VERSION = {v1},
}

@Book{Bellman1957dimcurse,
  author      = {Bellman, Richard},
  title       = {Dynamic Programming},
  publisher   = {Princeton University Press},
  year        = {1957},
  address     = {Princeton, NJ, USA},
  edition     = {1},
}

@article{features2003extraction,
  author = {Pechenizkiy, Mykola and Puuronen, Seppo and Tsymbal, Alexey},
  year   = {2003},
  title  = {Feature Extraction for Classification in Knowledge Discovery Systems},
}

@Book{bilinear1963interp,
  author      = {P. J. Davis},
  title       = {Interpolation and Approximation},
  publisher   = {Dover Publications},
  year        = {1963},
  address     = {New York, USA},
}

@article{hsv1978color,
  author  = {Smith, Alvy},
  year    = {1978},
  title   = {Color Gamut Transform Pairs},
  volume  = {12},
  journal = {ACM Siggraph Computer Graphics},
  doi = {10.1145/800248.807361},
}

@Book{morph2000java,
  author      = {Nick Efford},
  title       = {Digital Image Processing: A Practical Introduction Using JavaTM},
  publisher   = {Pearson Education},
  year        = {2000},
}

@article{naive2001bayes,
  author  = {Rish, Irina},
  year    = {2001},
  title   = {An Empirical Study of the Naïve Bayes Classifier},
  volume  = {3},
  journal = {IJCAI 2001 Work Empir Methods Artif Intell},
}

@book{breiman1984classification,
  title     = {Classification and Regression Trees},
  author    = {Breiman, L. and Friedman, J. and Stone, C.J. and Olshen, R.A.},
  series    = {The Wadsworth and Brooks-Cole statistics-probability series},
  year      = {1984},
  publisher = {Taylor \& Francis},
}

@article{k2007nearest,
  author  = {Cunningham, Padraig and Delany, Sarah},
  year    = {2007},
  title   = {k-Nearest neighbour classifiers},
  journal = {Mult Classif Syst},
}

@article{kernel2008trick,
  title     = {Kernel methods in machine learning},
  volume    = {36},
  ISSN      = {0090-5364},
  url       = {http://dx.doi.org/10.1214/009053607000000677},
  DOI       = {10.1214/009053607000000677},
  journal   = {The Annals of Statistics},
  publisher = {Institute of Mathematical Statistics},
  author    = {Hofmann, Thomas and Schölkopf, Bernhard and Smola, Alexander J.},
  year      = {2008},
}

@book{crossval2009book,
  author    = {Hastie, Trevor},
  year      = {2009},
  title     = {The Elements of Statistical Learning: Data Mining, Inference, and Prediction},
  journal   = {The Elements of Statistical Learning},
}
